@article{ebrahim2014measuring,
  author    = {Alnoor Ebrahim and V. Kasturi Rangan},
  title     = {What Impact? A Framework for Measuring the Scale and Scope of Social Performance},
  journal   = {California Management Review},
  volume    = {56},
  number    = {3},
  year      = {2014},
  pages     = {118--141},
  doi       = {10.1525/cmr.2014.56.3.118}
}

@book{nicholls2012measuring,
  author    = {Alex Nicholls and Rob Paton and Jed Emerson},
  title     = {Social Finance},
  year      = {2012},
  publisher = {Oxford University Press},
  address   = {Oxford}
}

@article{wirtz2020public,
  author    = {Bernd W. Wirtz and Jan C. Weyerer and Carolin M{\"u}ller},
  title     = {Public Administration in the Age of Digitalization – From E-Government to Smart Government},
  journal   = {International Journal of Public Administration},
  volume    = {43},
  number    = {10},
  pages     = {832--844},
  year      = {2020},
  doi       = {10.1080/01900692.2019.1619810}
}

@article{sun2019algorithmic,
  author    = {Tingting Sun and Rony Medaglia},
  title     = {Mapping the Challenges of Artificial Intelligence in the Public Sector: Evidence from Public Healthcare},
  journal   = {Government Information Quarterly},
  volume    = {36},
  number    = {2},
  year      = {2019},
  pages     = {368--383},
  doi       = {10.1016/j.giq.2018.09.008}
}

@article{brown2020algorithmic,
  author    = {Ian Brown and Christopher Marsden and Reuben Binns},
  title     = {Algorithmic Accountability: A Primer},
  journal   = {Internet Policy Review},
  volume    = {9},
  number    = {4},
  year      = {2020},
  doi       = {10.14763/2020.4.1504}
}

@misc{devlin2018bert,
  author    = {Jacob Devlin and Ming-Wei Chang and Kenton Lee and Kristina Toutanova},
  title     = {BERT: Pre-training of Deep Bidirectional Transformers for Language Understanding},
  year      = {2018},
  eprint    = {1810.04805},
  archivePrefix = {arXiv},
  primaryClass = {cs.CL},
  note      = {arXiv preprint},
  url       = {https://arxiv.org/abs/1810.04805}
}

@misc{oecd2020publicsector,
  author    = {{OECD}},
  title     = {The Innovation System of the Public Sector},
  year      = {2020},
  howpublished = {\url{https://www.oecd.org/publications/the-innovation-system-of-the-public-sector-3c8034f7-en.htm}},
  note      = {Accessed 2025-07-03}
}

@misc{phineo_imm,
  author    = {{PHINEO}},
  title     = {Wirkung lernen: Grundlagen der Wirkungsorientierung},
  year      = {2022},
  howpublished = {\url{https://www.phineo.org/magazin/wirkung-lernen}},
  note      = {Accessed 2025-07-03}
}

@misc{unternehmertum_impactguide,
  author    = {{UnternehmerTUM}},
  title     = {Impact Guide: Wirkungsorientierung für Startups},
  year      = {2023},
  howpublished = {\url{https://www.unternehmertum.de}},
  note      = {Accessed 2025-07-03}
}